@article{firpo2015permeability,
  title={Permeability thickness dependence of polydimethylsiloxane (PDMS) membranes},
  author={Firpo, G and Angeli, E and Repetto, L and Valbusa, U},
  journal={Journal of Membrane Science},
  volume={481},
  pages={1--8},
  year={2015},
  publisher={Elsevier}
}

@article{rao2007preparation,
  title={Preparation and oxygen/nitrogen permeability of PDMS crosslinked membrane and PDMS/tetraethoxysilicone hybrid membrane},
  author={Rao, Hua-Xin and Liu, Fan-Na and Zhang, Zi-Yong},
  journal={Journal of Membrane Science},
  volume={303},
  number={1-2},
  pages={132--139},
  year={2007},
  publisher={Elsevier}
}

@article{johnston2014mechanical,
  title={Mechanical characterization of bulk Sylgard 184 for microfluidics and microengineering},
  author={Johnston, ID and McCluskey, DK and Tan, CKL and Tracey, MC},
  journal={Journal of Micromechanics and Microengineering},
  volume={24},
  number={3},
  pages={035017},
  year={2014},
  publisher={IOP Publishing}
}

@article{Slygard184ProductSheet,
  title={Dow SYLGARD 184 Silicone Encapsulant Clear: Product Details},
  author={Dow},
  journal={Ellsworth Adhesives},
  volume={1},
  number={1},
  pages={1},
  year={2018},
  publisher={Dow}
}
